@book{Себеста2001Концепции,
	title={Основные концепции языков программирования},
	author={Себеста, Роберт},
	edition=5,
	publisher={Вильямс},
	address={М.},
	year={2001},
	pages=672,
	language={russian}
}
@book{Тейт2017СемьЯзыков,
	title={Семь языков за семь недель. Практическое руководство по изучению
	языков программирования},
	author={Тейт, Брюс},
	publisher={ДМК-Пресс},
	address={М.},
	year=2017,
	pages=384,
	language={russian}
}
